<record><leader>00000cas a22000007a 4500</leader><controlfield tag="001">19700882</controlfield><controlfield tag="008">890512d19741975mduwr ne      0    0eng d</controlfield><datafield ind1=" " ind2=" " tag="010"><subfield code="a">sn 89061500 </subfield></datafield><datafield ind1=" " ind2=" " tag="040"><subfield code="a">MFN</subfield><subfield code="b">eng</subfield><subfield code="c">MFN</subfield><subfield code="d">OCLCQ</subfield></datafield><datafield ind1=" " ind2=" " tag="042"><subfield code="a">msc</subfield></datafield><datafield ind1=" " ind2="4" tag="050"><subfield code="a">AN41.68</subfield><subfield code="b">.M33</subfield></datafield><datafield ind1="0" ind2=" " tag="130"><subfield code="a">Today (Rockville, Md. : Montgomery County ed.)</subfield></datafield><datafield ind1="1" ind2="0" tag="245"><subfield code="a">Today.</subfield></datafield><datafield ind1="3" ind2="0" tag="246"><subfield code="a">Montgomery County today</subfield></datafield><datafield ind1=" " ind2=" " tag="250"><subfield code="a">[Montgomery County ed.].</subfield></datafield><datafield ind1=" " ind2=" " tag="260"><subfield code="a">Rockville, Md. :</subfield><subfield code="b">Leader Pub. Co.</subfield></datafield><datafield ind1=" " ind2=" " tag="300"><subfield code="a">v.</subfield></datafield><datafield ind1=" " ind2=" " tag="310"><subfield code="a">Weekly</subfield></datafield><datafield ind1="0" ind2=" " tag="362"><subfield code="a">Vol. 5, no. 31 (Aug. 1, 1974)-</subfield></datafield><datafield ind1="1" ind2=" " tag="362"><subfield code="a">Ceased in 1975?</subfield></datafield><datafield ind1=" " ind2=" " tag="500"><subfield code="a">Published as: Montgomery County today, &lt;Sept. 12, 1974-Feb. 12, 1975&gt;.</subfield></datafield><datafield ind1=" " ind2=" " tag="752"><subfield code="a">United States</subfield><subfield code="b">Maryland</subfield><subfield code="c">Montgomery</subfield><subfield code="d">Rockville.</subfield></datafield><datafield ind1="0" ind2=" " tag="775"><subfield code="t">Today (Rockville, Md. : Prince George's County ed.)</subfield><subfield code="w">(DLC)sn 89061499</subfield></datafield><datafield ind1="0" ind2="1" tag="780"><subfield code="t">Bill (Rockville, Md.)</subfield><subfield code="w">(DLC)sn 89061491</subfield></datafield></record>